@inbook{wubrynjolffsson,
	author = {Lynn Wu and Erik Brynjolfsson},
	editor	= {Avi Goldfarb and Shane M. Greenstein and Catherine E. Tucker},
	title = {{The Future of Prediction: How Google Searches Foreshadow Housing Prices and Sales}},
	chapter	= {1},
	pages = {89--118},
	publisher = {University of Chicago Press},
	BookTitle = {Economic Analysis of the Digital Economy},
	year = {2015},
}


%Time Series Model
%armaidentifiaktion1
@book{schlittAPPLIED,
	author    = {Rainer Schlittgen},
	title     = {{Angewandte Zeitreihenanalyse}},
	year      = {2001},
	publisher = {Oldenbourg Wissenschaftsverlag},
	address  = {M{\"u}nchen},
}
@book{schlittTHEORY,
	author    = {Rainer Schlittgen and Bernd H.J. Streitberg},
	title     = {{Zeitreihenanalyse}},
	year      = {2001},
	publisher = {Oldenbourg Wissenschaftsverlag},
	address  = {M{\"u}nchen},
}

@book{brockdavAPPLIED,
	author    = {Peter J. Brockwell and Richard A. Davis},
	title     = {{Introduction to Time Series and Forecasting}},
	year      = {2016},
	edition  = {3},
	publisher = {Springer},
	address  = {Switzerland},
}

@book{brockdavTHEORY,
	author    = {Peter J. Brockwell and Richard A. Davis},
	title     = {{Time Series: Theory and Methods}},
	year      = {1991},
	edition  = {23},
	publisher = {Springer},
	address  = {New York},
}


@online{googleT,
	author = {{Google Trends}},
	title = {{Google Trends Erkunden}},
	year      = {2018},
	url = {https://trends.google.ch/trends/explore?q=Wohnung&geo=CH},
	year= {2018},
	note = {Accessed: 2018-10-07},
	urldate = {2018-10-07},
}